@Misc{lego,
	title = {A {LEGO} történelmi idővonala},
	howpublished = {\url{http://www.lego.com/en-us/aboutus/lego-group/the_lego_history/1930}},
	note = {Utolsó megtekintés dátuma: 2016-05-09}
}

@Misc{mindstormsHistory,
	title = {A {LEGO MINDSTORMS} történelme},
	howpublished = {\url{http://www.lego.com/en-us/mindstorms/history}},
	note = {Utolsó megtekintés dátuma: 2016-05-09}
}

@Misc{mindstormsEv3,
	title = {A {LEGO MINDSTORMS EV3} hivatalos oldala},
	howpublished = {\url{http://www.lego.com/en-US/mindstorms/?domainredir=mindstorms.lego.com}},
	note = {Utolsó megtekintés dátuma: 2016-05-16}
}

@Misc{rxcAttribution,
	title = {Az {RXC} vezérlőegység},
	howpublished = {\url{http://lego.wikia.com/wiki/Mindstorms_RCX}},
	note = {Utolsó megtekintés dátuma: 2016-05-16}
}

@Misc{nxtAttribution,
	title = {Az {NXT} vezérlőegység},
	howpublished = {\url{http://shop.lego.com/en-CA/NXT-Intelligent-Brick-9841}},
	note = {Utolsó megtekintés dátuma: 2016-05-16}
}

@Misc{ev3Attribution,
	title = {E{V3} vezérlőegység},
	howpublished = {\url{http://www.lego.com/en-us/mindstorms/products/mindstorms-ev3-31313}},
	note = {Utolsó megtekintés dátuma: 2016-05-16}
}

@Misc{nxtVsEv3,
	title = {N{XT} összehasonlítása az {EV3}-al},
	howpublished = {\url{http://botbench.com/blog/2013/01/08/comparing-the-nxt-and-ev3-bricks/}},
	note = {Utolsó megtekintés dátuma: 2016-05-16}
}

@Misc{sensorMotor,
	title = {Az {EV}3 szenzorairól és motorjairól szóló információk},
	howpublished = {\url{http://fll.memphisfirstteams.org/Files/Workshop_4-16-16/EV3-Motors-Sensors.pdf}},
	note = {Utolsó megtekintés dátuma: 2016-05-17}
}

@Misc{sensor,
	title = {Az {EV}3 szenzorairól szóló információk},
	howpublished = {\url{https://www.intorobotics.com/sensors-lego-mindstorms-ev3-features-comparison/}},
	note = {Utolsó megtekintés dátuma: 2016-05-17}
}

@Misc{protobuff,
	title = {A {G}oogle {P}rotocol {B}uffers hivatalos oldala},
	howpublished = {\url{https://developers.google.com/protocol-buffers/}},
	note = {Utolsó megtekintés dátuma: 2016-06-01}
}

@Misc{log4j,
	title = {L{OG}4{J} hivatalos oldal},
	howpublished = {\url{http://logging.apache.org/log4j/2.x/}},
	note = {Utolsó megtekintés dátuma: 2016-06-04}
}

@Misc{slf4j,
	title = {Slf4{J} hivatalos oldal},
	howpublished = {\url{http://slf4j.org/}},
	note = {Utolsó megtekintés dátuma: 2016-06-04}
}

@Misc{upnp,
	title = {Cling {UP}n{P} könyvtár hivatalos oldala},
	howpublished = {\url{http://4thline.org/projects/cling/}},
	note = {Utolsó megtekintés dátuma: 2016-06-05}
}

@Misc{robotc,
	title = {R{OBOTC} firmware hivatalos oldala},
	howpublished = {\url{http://www.robotc.net}},
	note = {Utolsó megtekintés dátuma: 2016-06-06}
}

@Misc{ev3dev,
	title = {E{V3DEV} firmware hivatalos oldala},
	howpublished = {\url{http://www.ev3dev.org/}},
	note = {Utolsó megtekintés dátuma: 2016-06-06}
}

@TechReport{pid,
	author = {Szűcs Zoltán},
	title  ={A digitális {PID} szabályzó},
	year = {2008},
	institution = {Budapesti Műszaki és Gazdaságtudományi Egyetem}},
	howpublished = {\url{http://www.hobbielektronika.hu/forum/getfile.php?id=252405}
}

