@Misc{lego,
	title =	"LEGO történelme",
	URL = "http://www.lego.com/en-us/aboutus/lego-group/the_lego_history/1930",
	note = "Utolsó megtekintés dátuma: 2016-05-06"
}